@misc{wiki:Konecny_automat,
   author = "Wikipedia",
   title = "{Konečný automat} --- {W}ikipedia{,} The Free Encyclopedia",
   year = "2022",
   howpublished = {\url{http://cs.wikipedia.org/w/index.php?title=Kone\%C4\%8Dn\%C3\%BD\%20automat&oldid=20327947}},
   note = "[Online; accessed 24-January-2022]"
 }